<record><leader>00000cas a22000007a 4500</leader><controlfield tag="001">24989882</controlfield><controlfield tag="008">911218d19141926nyuwr ne      0    0eng d</controlfield><controlfield tag="009">550</controlfield><datafield ind1=" " ind2=" " tag="010"><subfield code="a">sn 91066804 </subfield></datafield><datafield ind1=" " ind2=" " tag="040"><subfield code="a">NYS</subfield><subfield code="b">eng</subfield><subfield code="c">NYS</subfield><subfield code="d">OCLCQ</subfield></datafield><datafield ind1="1" ind2=" " tag="029"><subfield code="a">AU@</subfield><subfield code="b">000025853145</subfield></datafield><datafield ind1=" " ind2=" " tag="042"><subfield code="a">msc</subfield></datafield><datafield ind1="0" ind2="4" tag="245"><subfield code="a">The Hobart times.</subfield></datafield><datafield ind1=" " ind2=" " tag="260"><subfield code="a">Hobart, Delaware County, N.Y. :</subfield><subfield code="b">Hobart Pub. Co.</subfield></datafield><datafield ind1=" " ind2=" " tag="300"><subfield code="a">v. :</subfield><subfield code="b">ill. ;</subfield><subfield code="c">49-56 cm.</subfield></datafield><datafield ind1=" " ind2=" " tag="310"><subfield code="a">Weekly</subfield></datafield><datafield ind1="0" ind2=" " tag="362"><subfield code="a">Vol. 2, no. 45 (Jan. 30, 1914)-v. 14, no. 24 (Jan. 30, 1926).</subfield></datafield><datafield ind1=" " ind2="4" tag="651"><subfield code="a">Hobart (N.Y.)</subfield><subfield code="v">Newspapers.</subfield></datafield><datafield ind1=" " ind2=" " tag="752"><subfield code="a">United States</subfield><subfield code="b">New York</subfield><subfield code="c">Delaware</subfield><subfield code="d">Hobart.</subfield></datafield><datafield ind1="0" ind2="0" tag="780"><subfield code="t">Hobart herald (Hobart, N.Y.)</subfield><subfield code="w">(DLC)sn 91066803</subfield></datafield></record>